@article{dieckman2005,
  author  = {Odo Diekmann and Pierre-Emanuel Jabin and Stéphane Mischler and Benoît Perthame},
  title   = {The dynamics of adaptation: An illuminating example and a Hamilton–Jacobi approach},
  journal = {Theoretical Population Biology},
  volume  = {67},
  number  = {4},
  pages   = {257-271},
  year    = {2005},
  doi     = {10.1016/j.tpb.2004.12.003}
}

@article{Diekmann2001,
  author  = {Diekmann, O. and Gyllenberg, M. and Huang, H. and Kirkilionis, M. and Metz, J. A. J. and Thieme, H. R.},
  title   = {On the formulation and analysis of general deterministic structured population models II. Nonlinear theory},
  journal = {Journal of Mathematical Biology},
  year    = {2001},
  volume  = {43},
  number  = {2},
  pages   = {157-189},
  doi     = {10.1007/s002850170002}
}

@article{diekman2003,
  title   = {Steady-state analysis of structured population models},
  author  = {O. Diekmann and M. Gyllenberg and J.A.J. Metz},
  journal = {Theoretical Population Biology},
  volume  = {63},
  number  = {4},
  pages   = {309-338},
  year    = {2003},
  doi     = {10.1016/S0040-5809(02)00058-8}
}

@article{Calsina2004,
  author  = {{\`A}ngel Calsina and S{\'i}lvia Cuadrado},
  title   = {Small mutation rate and evolutionarily stable strategies in infinite dimensional adaptive dynamics},
  journal = {Journal of Mathematical Biology},
  year    = {2004},
  volume  = {48},
  number  = {2},
  pages   = {135-159},
  doi     = {10.1007/s00285-003-0226-6}
}

@book{burger2000,
  title     = {The Mathematical Theory of Selection, Recombination, and Mutation},
  publisher = {John Wiley \& Sons},
  year      = {2000},
  author    = {Buerger, R.},
  isbn      = {978-0-471-98653-9},
  url       = {https://pure.iiasa.ac.at/id/eprint/6099/}
}

@book{monge2002,
  title     = {Biología general},
  author    = {Monge-Nájera, Julián},
  year      = {2002},
  publisher = {EUNED}
}

@misc{chemostat,
  author  = {MPI Bremen},
  title   = {Chemostat},
  url     = {https://www.mpi-bremen.de/en/Chemostat.html},
  note    = {Accessed: 2024-11-21},
  year    = {n.d.},
}

@misc{adaptacion,
  author  = {Osteicoechea, Alí},
  title   = {Definición de Adaptación},
  year    = {2024},
  url     = {https://conceptodefinicion.de/adaptacion/},
  urldate = {2024-11-27}
}

@misc{evolucion,
  author  = {Bioenciclopedia},
  title   = {La evolución},
  year    = {2022},
  url     = {https://www.bioenciclopedia.com/la-evolucion-750.html},
  urldate = {2024-11-27}
}

@article{Mirrahimi2011,
  author  = {Mirrahimi, S. and Perthame, B. and Bouin, E. and Millien, P.},
  title   = {Population formulation of adaptive meso-evolution: theory and numerics},
  journal = {The Mathematics of Darwin's Legacy},
  year    = {2011},
  pages   = {159-174},
  doi     = {10.1007/978-3-0348-0122-5_9}
}

@article{barles2007,
  title   = {Concentrations and constrained Hamilton-Jacobi equations arising in adaptive dynamics},
  author  = {Barles, G. and Perthame, B.},
  journal = {Contemporary Mathematics},
  year    = {2007},
  volume  = {439},
  pages   = {57-68}
}

@book{Dercole,
  url       = {https://doi.org/10.1515/9781400828340},
  title     = {Analysis of Evolutionary Processes: The Adaptive Dynamics Approach and Its Applications},
  author    = {Fabio Dercole and Sergio Rinaldi},
  publisher = {Princeton University Press},
  address   = {Princeton},
  doi       = {10.1515/9781400828340},
  isbn      = {9781400828340},
  year      = {2008}
}

@article{Dieckmann1996,
  author  = {Dieckmann{,} Ulf
             and Law{,} Richard},
  title   = {The dynamical theory of coevolution: a derivation from stochastic ecological processes},
  journal = {Journal of Mathematical Biology},
  year    = {1996},
  month   = {May},
  day     = {01},
  volume  = {34},
  number  = {5},
  pages   = {579-612},
  issn    = {1432-1416},
  doi     = {10.1007/BF02409751},
  url     = {https://doi.org/10.1007/BF02409751}
}

@misc{metz96,
  month     = {September},
  type      = {IIASA Working Paper},
  title     = {Adaptive Dynamics: A Geometrical Study of the Consequences of Nearly Faithful Reproduction},
  address   = {IIASA, Laxenburg, Austria},
  publisher = {WP-95-099},
  year      = {1995},
  url       = {https://pure.iiasa.ac.at/id/eprint/4497/},
  author    = {Metz{,} J. A. J. and Geritz{,} S. A. H. and Meszena{,} G. and Jacobs{,} F. J. A. and Heerwaarden{,} J. S. van}
}

@book{evans,
  title     = {Partial differential equations},
  author    = {Evans{,} Lawrence C.},
  volume    = {19},
  year      = {2022},
  publisher = {American Mathematical Society}
}


@article{calvez2020,
  author  = {Vincent Calvez and King-Yeung Lam},
  title   = {Uniqueness of the viscosity solution of a constrained Hamilton–Jacobi equation},
  journal = {Calculus of Variations and Partial Differential Equations},
  volume  = {59},
  number  = {163},
  year    = {2020},
  doi     = {10.1007/s00526-020-01819-0}
}

@article{Nicolas2001,
  author  = {Champagnat, N. and Ferriere, R. and Ben Arous, G.},
  title   = {The canonical equation of adaptive dynamics: a mathematical view},
  journal = {Selection},
  year    = {2001},
  volume  = {2},
  pages   = {71-81}
}

@misc{Monteiro2024,
  author    = {Monteiro, L. R. and Schettini, E. B. C. and Silvestrini, J. H.},
  title     = {SEMI-IMPLICIT FINITE DIFFERENCE METHOD FOR FREE-SURFACE FLOW NUMERICAL SIMULATION},
  year      = {2013}
}

@article{ledesma2015introduccion,
  title={Introducci{\'o}n al m{\'e}todo de diferencias finitas y su implementaci{\'o}n computacional},
  author={Ledesma, Antonio Carrillo and Rosas, Karla Ivonne Gonz{\'a}lez and Bernal, Omar Mendoza},
  journal={Bernal, Facultad de Ciencias, UNAM},
  year={2015}
}