@article{dieckman2005,
author = {Odo Diekmann and Pierre-Emanuel Jabin and Stéphane Mischler and Benoıˆt Perthame},
title = {The dynamics of adaptation: An illuminating example and a Hamilton–Jacobi approach},
journal = {Theoretical Population Biology},
volume = {67},
number = {4},
pages = {257-271},
year = {2005},
DOI = {https://doi.org/10.1016/j.tpb.2004.12.003},
}

@article{calvez2020,
	author    = "Vincent Calvez, King-Yeung Lam",
	title     = "Uniqueness of the viscosity solution of a constrained Hamilton–Jacobi equation",
	journal = "Calculus of Variations and Partial Differential Equations",
	volume = {59},
	number =       "163",
	year =         "2020'',
	DOI =          "https://doi.org/10.1007/s00526-020-01819-0",

@article{barles2007,
  title={Concentrations and constrained Hamilton-Jacobi equations arising in adaptive dynamics. Recent developments in nonlinear partial differential equations, 57--68},
  author={Barles, G and Perthame, B},
  journal={Contemp. Math},
  year = {2007},
  volume={439}
}

@Article{Diekmann2001,
author={Diekmann, O.
and Gyllenberg, M.
and Huang, H.
and Kirkilionis, M.
and Metz, J. A. J.
and Thieme, H. R.},
title={On the formulation and analysis of general deterministic structured population modelsII. Nonlinear theory},
journal={Journal of Mathematical Biology},
year={2001},
month={Aug},
day={01},
volume={43},
number={2},
pages={157-189},
issn={1432-1416},
doi={10.1007/s002850170002},
}

@article{diekman2003,
title = {Steady-state analysis of structured population models},
journal = {Theoretical Population Biology},
volume = {63},
number = {4},
pages = {309-338},
year = {2003},
doi = {https://doi.org/10.1016/S0040-5809(02)00058-8},
author = {O. Diekmann and M. Gyllenberg and J.A.J. Metz},
}

@Article{Calsina2004,
author={Calsina, {\`A}ngel
and Cuadrado, S{\'i}lvia},
title={Small mutation rate and evolutionarily stable strategies in infinite dimensional adaptive dynamics},
journal={Journal of Mathematical Biology},
year={2004},
month={Feb},
day={01},
volume={48},
number={2},
pages={135-159},
doi={10.1007/s00285-003-0226-6},
}

@book{burger2000,
           month = {September},
           title = {The Mathematical Theory of Selection, Recombination, and Mutation},
       publisher = {John Wiley \& Sons},
            year = {2000},
             url = {https://pure.iiasa.ac.at/id/eprint/6099/},
            isbn = {978-0-471-98653-9},
          author = {Buerger, R.}
}

@book{monge2002,
  title={Biolog{\'\i}a general},
  author={Monge-N{\'a}jera, Juli{\'a}n},
  year={2002},
  publisher={EUNED}
	isbn= ''9968-31-189-8''
}

